@ARTICLE{reddick_etal12,
   author = {{Reddick}, R.~M. and {Wechsler}, R.~H. and {Tinker}, J.~L. and 
	{Behroozi}, P.~S.},
    title = "{The Connection between Galaxies and Dark Matter Structures in the Local Universe}",
  journal = {\apj},
archivePrefix = "arXiv",
   eprint = {1207.2160},
 primaryClass = "astro-ph.CO",
 keywords = {dark matter, galaxies: formation, galaxies: groups: general, galaxies: halos, large-scale structure of universe, methods: statistical },
     year = 2013,
    month = jul,
   volume = 771,
      eid = {30},
    pages = {30},
      doi = {10.1088/0004-637X/771/1/30},
   adsurl = {http://adsabs.harvard.edu/abs/2013ApJ...771...30R},
  adsnote = {Provided by the SAO/NASA Astrophysics Data System}
}
